<?xml version="1.0" encoding="UTF-8"?><collection xmlns="http://www.loc.gov/MARC21/slim"><record><leader>00444nam--2200169-i-4500</leader><controlfield tag="001">000047516</controlfield><controlfield tag="002">20161230</controlfield><controlfield tag="005">20161230201046</controlfield><controlfield tag="008">060222s1000------------r-----000-0-eng-d</controlfield><datafield ind1=" " ind2=" " tag="040"><subfield code="a">IFIN-HH</subfield></datafield><datafield ind1=" " ind2=" " tag="080"><subfield code="a">534(075.8)</subfield></datafield><datafield ind1="1" ind2=" " tag="100"><subfield code="a">Wood, Alexander</subfield></datafield><datafield ind1="1" ind2="0" tag="245"><subfield code="a">Acoustics</subfield><subfield code="b">The Student's Physics</subfield><subfield code="c">Alexander wood</subfield></datafield><datafield ind1=" " ind2=" " tag="260"><subfield code="a">London, Blackie And Son Limited, 1947,</subfield></datafield><datafield ind1=" " ind2=" " tag="300"><subfield code="a">XVI + 588P</subfield></datafield><datafield ind1=" " ind2=" " tag="852"><subfield code="a">76362</subfield><subfield code="c">534</subfield></datafield><datafield ind1=" " ind2=" " tag="CAT"><subfield code="a">Sys</subfield><subfield code="c">20101013</subfield><subfield code="h">104627</subfield></datafield></record></collection>